@inproceedings{Weisenburger:2017:QRA:3105503.3105530,
 author = {Weisenburger, Pascal and Luthra, Manisha and Koldehofe, Boris and Salvaneschi, Guido},
 title = {Quality-aware Runtime Adaptation in Complex Event Processing},
 booktitle = {Proceedings of the 12th International Symposium on Software Engineering for Adaptive and Self-Managing Systems},
 series = {SEAMS '17},
 year = {2017},
 isbn = {978-1-5386-1550-8},
 location = {Buenos Aires, Argentina},
 pages = {140--151},
 numpages = {12},
 url = {https://doi.org/10.1109/SEAMS.2017.10},
 doi = {10.1109/SEAMS.2017.10},
 acmid = {3105530},
 publisher = {IEEE Press},
 address = {Piscataway, NJ, USA},
} 

@article{Ottenwalder:2014:MMC:2659232.2633688,
 author = {Ottenw\"{a}lder, Beate and Koldehofe, Boris and Rothermel, Kurt and Hong, Kirak and Lillethun, David and Ramachandran, Umakishore},
 title = {MCEP: A Mobility-Aware Complex Event Processing System},
 journal = {ACM Trans. Internet Technol.},
 issue_date = {July 2014},
 volume = {14},
 number = {1},
 month = aug,
 year = {2014},
 issn = {1533-5399},
 pages = {6:1--6:24},
 articleno = {6},
 numpages = {24},
 url = {http://doi.acm.org/10.1145/2633688},
 doi = {10.1145/2633688},
 acmid = {2633688},
 publisher = {ACM},
 address = {New York, NY, USA},
 keywords = {Mobility, complex event processing, migration, moving range queries},
}

@ARTICLE{test:test2,
  author = {Knuth, Donald E.},
  title = {{B}ig {O}micron and {B}ig {O}mega and {B}ig {T}heta},
  journal = {SIGACT News},
  year = {1976},
  volume = {8},
  pages = {18--24},
  number = {2},
  month = {April/June},
  address = {New York, NY, USA},
  publisher = {ACM Press}
}
